<?xml version="1.0" encoding="UTF-8"?><collection xmlns="http://www.loc.gov/MARC21/slim"><record><leader>00371nam--2200133-i-4500</leader><controlfield tag="001">000003753</controlfield><controlfield tag="002">20161230</controlfield><controlfield tag="005">20161230201025</controlfield><controlfield tag="008">060222s1000------------r-----000-0-eng-d</controlfield><datafield ind1=" " ind2=" " tag="080"><subfield code="a">621.385:537.543</subfield></datafield><datafield ind1=" " ind2=" " tag="245"><subfield code="a">Aparate electronice. traduceri din literatura sovietica de specialitate</subfield></datafield><datafield ind1=" " ind2=" " tag="260"><subfield code="a">Bucuresti, Editura Acad.R.P.R., 1956 300 P</subfield></datafield><datafield ind1=" " ind2=" " tag="490"><subfield code="a">50-51</subfield></datafield><datafield ind1=" " ind2=" " tag="852"><subfield code="a">4305</subfield></datafield></record></collection>